@ARTICLE{uerd,
    author={{Guo}, L. and {Ni}, J. and {Su}, W. and {Tang}, C. and {Shi}, Y.},
    journal={IEEE Transactions on Information Forensics and Security},
    title={Using Statistical Image Model for JPEG Steganography: Uniform Embedding Revisited},
    year={2015},
    volume={10},
    number={12},
    pages={2669-2680}
}

@inproceedings{juniward,
    title={Steganalysis of adaptive JPEG steganography using 2D Gabor filters},
    author={Song, X. and Liu, F. and Yang, Chunfang and Luo, Xiangyang and Zhang, Yi},
    booktitle={Proceedings of the 3rd ACM workshop on information hiding and multimedia security},
    pages={15--23},
    year={2015}
}

@inproceedings{jmipod,
    title={Steganography by Minimizing Statistical Detectability: The cases of JPEG and Color Images.},
    author={Cogranne, R{\'e}mi and Giboulot, Quentin and Bas, Patrick},
    booktitle={ACM Information Hiding and MultiMedia Security (IH\&MMSec)},
    year={2020}
}
