@ARTICLE{uerd,
    author={{Guo}, L. and {Ni}, J. and {Su}, W. and {Tang}, C. and {Shi}, Y.},
    journal={IEEE Transactions on Information Forensics and Security},
    title={Using Statistical Image Model for JPEG Steganography: Uniform Embedding Revisited},
    year={2015},
    volume={10},
    number={12},
    pages={2669-2680}
}

@inproceedings{juniward,
    title={Steganalysis of adaptive JPEG steganography using 2D Gabor filters},
    author={Song, X. and Liu, F. and Yang, C. and Luo, X. and Zhang, Yi},
    booktitle={Proceedings of the 3rd ACM workshop on information hiding and multimedia security},
    pages={15--23},
    year={2015}
}

@inproceedings{jmipod,
    title={Steganography by Minimizing Statistical Detectability: The cases of JPEG and Color Images.},
    author={Cogranne, R. and Giboulot, Q. and Bas, P.},
    booktitle={ACM Information Hiding and MultiMedia Security (IH\&MMSec)},
    year={2020}
}

@misc{alaska2,
    author       = {Troyes University of Technology},
    title        = {ALASKA2 Image Steganalysis},
    howpublished = {https://www.kaggle.com/c/alaska2-image-steganalysis/data},
    year         = {2020}
}


@article{xie2017,
    title = {Aggregated {{Residual Transformations}} for {{Deep Neural Networks}}},
    author = {Xie, S. and Girshick, R. and Doll√°r, P. and Tu, Z. and He, K.},
    date = {2017-04-10},
    url = {http://arxiv.org/abs/1611.05431},
    urldate = {2020-05-03},
    archivePrefix = {arXiv},
    eprint = {1611.05431},
    eprinttype = {arxiv},
    keywords = {Computer Science - Computer Vision and Pattern Recognition},
    primaryClass = {cs}
}

@misc{liu2019variance,
    title={On the Variance of the Adaptive Learning Rate and Beyond},
    author={Liu, L.  and Jiang, H  and He, P, and Chen, W. and Liu, X. and Gao, J. and Han, J.},
    year={2019},
    eprint={1908.03265},
    archivePrefix={arXiv},
    primaryClass={cs.LG}
}

@inproceedings{zhang2019lookahead,
    title={Lookahead Optimizer: k steps forward, 1 step back},
    author={Zhang, M. and Lucas, J. and Ba, J. and Hinton, G. E.},
    booktitle={Advances in Neural Information Processing Systems},
    pages={9593--9604},
    year={2019}
}

@misc{catalyst,
    author = {Kolesnikov, S.},
    title = {Accelerated DL R\&D},
    year = {2018},
    publisher = {GitHub},
    journal = {GitHub repository},
    howpublished = {\url{https://github.com/catalyst-team/catalyst}},
}

@article{tan2019efficientnet,
    title={Efficientnet: Rethinking model scaling for convolutional neural networks},
    author={Tan, M. and Le, Q. V.},
    journal={arXiv preprint arXiv:1905.11946},
    year={2019}
}
@article{ramachandran2017searching,
    title={Searching for activation functions},
    author={Ramachandran, P. and Zoph, B. and Le, Q. V.},
    journal={arXiv preprint arXiv:1710.05941},
    year={2017}
}
@article{loshchilov2016sgdr,
    title={SGDR: Stochastic gradient descent with warm restarts},
    author={Loshchilov, I. and Hutter, F.},
    journal={arXiv preprint arXiv:1608.03983},
    year={2016}
}
@article{ulicny2018harmonic,
    title={Harmonic networks: Integrating spectral information into CNNs},
    author={Ulicny, M. and Krylov, V. A and Dahyot, R.},
    journal={arXiv preprint arXiv:1812.03205},
    year={2018}
}

@article{zhang2020resnest,
    title={ResNeSt: Split-Attention Networks},
    author={Zhang, H. and Wu, C. and Zhang, Z. and Zhu, Yi and Zhang, Z. and Lin, H. and Sun, Y. and He, T. and Mueller, T. and Manmatha, R and others},
    journal={arXiv preprint arXiv:2004.08955},
    year={2020}
}

@inproceedings{he2016deep,
    title={Deep residual learning for image recognition},
    author={He, K. and Zhang, X. and Ren, S. and Sun, J.},
    booktitle={Proceedings of the IEEE conference on computer vision and pattern recognition},
    pages={770--778},
    year={2016}
}
@article{smith2017don,
    title={Don't decay the learning rate, increase the batch size},
    author={Smith, S. L. and Kindermans, P.-J. and Ying, C. and Le, Q. V.},
    journal={arXiv preprint arXiv:1711.00489},
    year={2017}
}

@inproceedings{yousfi2019breaking,
    title={Breaking ALASKA: Color separation for steganalysis in JPEG domain},
    author={Yousfi, Y. and Butora, J. and Fridrich, J. and Giboulot, Q.},
    booktitle={Proceedings of the ACM Workshop on Information Hiding and Multimedia Security},
    pages={138--149},
    year={2019}
}

@article{boroumand2018deep,
    title={Deep residual network for steganalysis of digital images},
    author={Boroumand, M. and Chen, M. and Fridrich, J.},
    journal={IEEE Transactions on Information Forensics and Security},
    volume={14},
    number={5},
    pages={1181--1193},
    year={2018},
    publisher={IEEE}
}


@inproceedings{wu2018group,
    title={Group normalization},
    author={Wu, Y. and He, K.},
    booktitle={Proceedings of the European Conference on Computer Vision (ECCV)},
    pages={3--19},
    year={2018}
}

@article{singh2019filter,
    title={Filter Response Normalization Layer: Eliminating Batch Dependence in the Training of Deep Neural Networks},
    author={Singh, S. and Krishnan, S.},
    journal={arXiv preprint arXiv:1911.09737},
    year={2019}
}
